@inproceedings{whitehill2009whose,
  title="Whose Vote Should Count More: Optimal Integration of Labels from Labelers of Unknown Expertise",
  author={Whitehill, Jacob and Ruvolo, Paul and Wu, Tingfan and Bergsma, Jacob and Movellan, Javier},
  booktitle={Advances in Neural Information Processing Systems (NIPS)},
  pages={2035--2043},
  year={2009},
  url={\mypaper{whilehill09nips.pdf}}
}

@inproceedings{littlewort2011computer,
  title="The Computer Expression Recognition Toolbox ({CERT})",
  author={Littlewort, Gwen and Whitehill, Jacob and Wu, Tingfan and Fasel, Ian and Frank, Mark and Movellan, Javier and Bartlett, Marian},
  booktitle="IEEE International Conference on Automatic Face \& Gesture Recognition and Workshops (FG 2011), 2011",
  pages={298--305},
  year={2011},
  organization={IEEE},
  url={\mypaper{Littlewort_CERT_FG2011.pdf}}
}

@inproceedings{wu2009learning,
  title="Learning to Make Facial Expressions",
  author={Wu, Tingfan and Butko, Nicholas J and Ruvolo, Paul and Bartlett, Marian S and Movellan, Javier R},
  booktitle="IEEE 8th International Conference on Development and Learning (ICDL)",
  pages={1--6},
  year={2009},
  organization={IEEE},
  url={\mypaper{wu2009icdl.pdf}}
}

@inproceedings{wu2010facial,
  title="Facial Expression Recognition Using Gabor Motion Energy Filters",
  author={Wu, Tingfan and Bartlett, Marian S and Movellan, Javier R},
  booktitle="IEEE Computer Society Conference on Computer Vision and Pattern Recognition Workshops (CVPRW)",
  pages={42--47},
  year={2010},
  organization={IEEE},
  url={\mypaper{wu2010CVPR4HB.pdf}}
}

@inproceedings{bartlett2008computer,
  title="Computer Expression Recognition Toolbox",
  author={Bartlett, Marian and Littlewort, Gwen and Wu, Tingfan and Movellan, Javier},
  booktitle="8th IEEE International Conference on Automatic Face \& Gesture Recognition (FG)",
  pages={1--2},
  year={2008},
  organization={IEEE},
  url={\mypaper{Littlewort_CERT_FG2011.pdf}}
}

@inproceedings{wu2011action,
  title="Action Unit Recognition Transfer Across Datasets",
  author={Wu, Tingfan and Butko, Nicholas and Ruvolo, Paul and Whitehill, Jacob and Bartlett, Marian S and Movellan, Javier R},
  booktitle=" IEEE International Conference on Automatic Face \& Gesture Recognition and Workshops (FG 2011)",
  pages={889--896},
  year={2011},
  organization={IEEE},
  url={\mypaper{wu2011feraAU.pdf}}
}

@inproceedings{littlewort2011motion,
  title="The Motion in Emotion -- A {CERT} Based Approach to The FERA Emotion Challenge",
  author={Littlewort, Gwen and Whitehill, Jacob and Wu, TingFan and Butko, Nicholas and Ruvolo, Paul and Movellan, Javier and Bartlett, Marian},
  booktitle=" IEEE International Conference on Automatic Face \& Gesture Recognition and Workshops (FG)",
  pages={897--902},
  year={2011},
  organization={IEEE},
  url={\mypaper{Littlewort2011FERAEmo.pdf}}
}

@article{bartlett2006insights,
  title="Insights on Spontaneous Facial Expressions from Automatic Expression Measurement",
  author={Bartlett, Marian and Littlewort, Gwen and Whitehill, Jacob and Vural, Esra and Wu, Tingfan and Lee, Kang and Er{\c{c}}il, Ayt{\"u}l and Cetin, M{\"u}jdat and Movellan, Jav{\i}er},
  journal={Dynamic Faces: Insights from Experiments and Computation},
  year={2006},
  publisher={MIT Press}
}

@incollection{sikka2012exploring,
  title="Exploring Bag of Words Architectures in The Facial Expression Domain",
  author={Sikka, Karan and Wu, Tingfan and Susskind, Josh and Bartlett, Marian},
  booktitle="Computer Vision--ECCV 2012. Workshops and Demonstrations",
  pages={250--259},
  year={2012},
  publisher={Springer}
}

@inproceedings{fasel2009infomax,
  title="Infomax Control for Social Robots",
  author={Fasel, Ian and Ruvolo, Paul and Wu, Tingfan and Movellan, Javier},
  journal={NIPS Workshop on Probabilistic Approaches for Robotics and Control},
  year={2009}
}

@article{long2012learning,
  title="Learning Spatiotemporal Features by Using Independent Component Analysis with Application to Facial Expression Recognition",
  author={Long, Fei and Wu, Tingfan and Movellan, Javier R and Bartlett, Marian S and Littlewort, Gwen},
  journal={Neurocomputing},
  year={2012},
  publisher={Elsevier}
}

@inproceedings{wang2009hebbian,
  title="Hebbian Learning of Visually Directed Reaching by A Robot Arm",
  author={Wang, Yiwen and Wu, Tingfan and Orchard, Garrick and Dudek, Piotr and Rucci, Michele and Shi, Bertram E},
  booktitle="Biomedical Circuits and Systems Conference, 2009 (BioCAS 2009).",
  pages={205--208},
  year={2009},
  organization={IEEE}
}

@article{wu2012multilayer,
  title="Multilayer Architectures for Facial Action Unit Recognition",
  author={Wu, Tingfan and Butko, Nicholas J and Ruvolo, Paul and Whitehill, Jacob and Bartlett, Marian S and Movellan, Javier R},
  journal={IEEE Transactions on Systems, Man, and Cybernetics, Part B: Cybernetics},
  volume={42},
  number={4},
  pages={1027--1038},
  year={2012},
  publisher={IEEE},
  url={\mypaper{wu2012fera.pdf}}
}

@inproceedings{wu2012semi,
  title="Semi-parametric Gaussian Process for Robot System Identification",
  author={Wu, Tingfan and Movellan, Javier},
  booktitle={IEEE/RSJ International Conference on Intelligent Robots and Systems (IROS)},
  pages={725--731},
  year={2012},
  organization={IEEE},
  url={\mypaper{wu2012sgp.pdf}}
}

@inproceedings{wu2012simultaneous,
  title="Simultaneous Motor and Sensory Learning for Imitation",
  author={Wu, Tingfan and Movellan, Javier},
  booktitle="2012 IEEE International Conference on Development and Learning and Epigenetic Robotics (ICDL)",
  pages={1--2},
  year={2012},
  organization={IEEE}
}


@inproceedings{ruvolo2012control,
  title="Control by Gradient Collocation: Applications to optimal obstacle avoidance and minimum torque control",
  author={Ruvolo, Paul and Wu, Tingfan and Movellan, Javier R},
  booktitle={IEEE/RSJ International Conference on Intelligent Robots and Systems (IROS)},
  pages={1173--1179},
  year={2012},
  organization={IEEE}
}

@article{wu2004probability,
  title="Probability Estimates for Multi-class Classification by Pairwise Coupling",
  author={Wu, Tingfan and Lin, Chih-Jen and Weng, Ruby C},
  journal={The Journal of Machine Learning Research (JMLR)},
  volume={5},
  pages={975--1005},
  year={2004},
  publisher={JMLR. org},
  url={\mypaper{jmlr_svmprob.pdf}}
}
@inproceedings{tassa2013,
  title="Modeling and Identification of Pneumatic Actuators",
  author={Tassa, Yuval and Wu, Tingfan and Movellan, Javier and Todorov, Emanuel},
  booktitle="IEEE International Conference on Mechatronics and Automation (ICMA)",
  year={2013},
  url={\mypaper{tassa2013pneumatics.pdf}}
}



@inproceedings{wu2013stac,
  title="{STAC}: Simultaneous Tracking and Calibration",
  author={Wu, Tingfan and Tassa, Yuval and Movellan, Javier and Todorov, Emanuel},
  booktitle={International Conference on Humanoid Robots (Humanoids)},
  year={2013},
  url={\mypaper{wu2013stac.pdf}}
  }
}

@inproceedings{wu2013dna,
  title="{DNA}: Dynamic Network Adaptation for Optimal Control",
  author={Wu, Tingfan and  Movellan, Javier},
  booktitle="preparation",
  year={},
  url={\mypaper{wu2013dna.pdf}}
}

@inproceedings{minato2007,
  title="CB2: A Child Robot with Biomimetic Body for Cognitive Developmental Robotics",
  author={Minato, Takashi and Yoshikawa, Yuichiro and Noda, Tomoyuki and Ikemoto, Shuhei and Ishiguro, Hiroshi and Asada, Minoru},
  booktitle="7th IEEE-RAS International Conference on Humanoid Robots",
  pages={557--562},
  year={2007},
  organization={IEEE}
}

@article{wolpert2000,
  title="Computational Principles of Movement Neuroscience",
  author={Wolpert, Daniel M and Ghahramani, Zoubin},
  journal={nature neuroscience},
  volume={3},
  pages={1212--1217},
  year={2000},
  publisher={Nature Publishing Group}
}

@article{todorov2004,
  title="Optimality Principles in Sensorimotor Control",
  author={Todorov, Emanuel},
  journal={Nature neuroscience},
  volume={7},
  number={9},
  pages={907--915},
  year={2004},
  publisher={Nature Publishing Group}
}

@inproceedings{ros2009,
  title="ROS: an Open-source Robot Operating System",
  author={Quigley, Morgan and Conley, Ken and Gerkey, Brian and Faust, Josh and Foote, Tully and Leibs, Jeremy and Wheeler, Rob and Ng, Andrew Y},
  booktitle="ICRA workshop on open source software",
  volume={3},
  number={3.2},
  year={2009}
}

@book{opencv2008,
  title="Learning OpenCV: Computer Vision with The OpenCV Library",
  author={Bradski, Gary and Kaehler, Adrian},
  year={2008},
  publisher={O'Reilly Media, Incorporated}
}

@article{cook2013facial,
  title="Facial Self-Imitation Objective Measurement Reveals No Improvement Without Visual Feedback",
  author={Cook, Richard and Johnston, Alan and Heyes, Cecilia},
  journal={Psychological science},
  volume={24},
  number={1},
  pages={93--98},
  year={2013},
  publisher={SAGE Publications}
}

@book{siciliano2008,
  title="Springer Handbook of Robotics",
  author={Siciliano, Bruno and Khatib, Oussama},
  year={2008},
  publisher={Springer}
}


@inproceedings{wu2011mocap,
  title="Collecting A Developmental Dataset of Reaching Behaviors: First Steps",
  author={Wu, Tingfan and Artigas, Juan and Mattson, Whitnet and Ruvolo, Paul and Movellan, Javier and Messinger, Daniel},
  booktitle="Workshop on Cognitive Neuroscience Robotics (IROS Workshop)",
  year={2011},
  url={\mypaper{wu2011mocap.pdf}}
}

@article{johnson2015,
	title="Team {IHMC} Lessons Learned from the {DARPA} Robotics Challenge Trials",
	author={Johnson, Matt and others},
  	journal={Journal of Field Robotics},
	year= "in press"
}

@inproceedings{mazumdar2015,
  title={Using parallel stiffness to achieve improved locomotive efficiency with the Sandia STEPPR robot},
  author={Mazumdar, Anirban and Spencer, Steven and Salton, Jonathan and Hobart, Clinton and Love, Joshua and Dullea, Kevin and Kuehl, Michael and Blada, Timothy and Quigley, Morgan and Smith, Jesper and others},
  booktitle={Robotics and Automation (ICRA), 2015 IEEE International Conference on},
  pages={835--841},
  year={2015},
  organization={IEEE}
}

